02RETORNO01COBRANCA       849900329723        EMPRESA MAE                   341BANCO ITAU S.A.24072501600BPI00540250725                                                                                                                                                                                                                                                                                   000001
102cnpjcnpj0001cnaaaa00ccccc0        359885245860             92558964            109925589642             I062407253598852   92558964            24072500000000530911040574415000000000013500000000000000000000000000000000000000000000000000000000000000000000000005295600000000000000000000000000   25072500000000000000000000000NOME DO PAGADOR                                                     B5000002
102cnpjcnpj0001cnaaaa00ccccc0        273027745738             25011768            109250117688             I092407252730277   25011768            26032500000001591453417788315000000000013500000000000000000000000000000000000000000000000000000000000000000000000000013500000000000000000000000000         00000000000000000000000NOME DO PAGADOR                                                       000003
102cnpjcnpj0001cnaaaa00ccccc0        300763345742             96490232            109964902326             I092407253007633   96490232            26032500000000529903417788315000000000013500000000000000000000000000000000000000000000000000000000000000000000000000013500000000000000000000000000         00000000000000000000000NOME DO PAGADOR                                                       000004
102cnpjcnpj0001cnaaaa00ccccc0        326847445403             00000000            109000000002             I032407253268474   00000000            22072500000000001003410000015000000000000000000000000000000000000000000000000000000000000000000000000000000000000000000000000000000000000000000000         00000000000000000000000NOME DO PAGADOR                                      14000000         000005
102cnpjcnpj0001cnaaaa00ccccc0        299311945797             89874214            109898742145             I292407252993119   89874214            20052500000001513573410000015000000000015600000000000000000000000000000000000000000000000000000000000000000000000000000000000000000000000000000000         00000000000000000000000NOME DO PAGADOR                                                       000006
102cnpjcnpj0001cnaaaa00ccccc0        299311945767             95734892            109957348925             I292407252993119   95734892            20042500000001513573410000015000000000015600000000000000000000000000000000000000000000000000000000000000000000000000000000000000000000000000000000         00000000000000000000000NOME DO PAGADOR                                                       000007
9201341          000000000000000000000000000000          000000000000000000000000000000                                                  000000000000000000000000000000          0000612800000404927445  25/07S005400000000600000000568040                                                                                                                                                                000008
