01REMESSA01COBRANCA       123400567893        SEC FIN XXIV DEB BSF          341BANCO ITAU SA  020424                                                                                                                                                                                                                                                                                                      000001
102XXXXXXXX0001XX123400567893    0000326847445403             413967020000000000000109                     I013268474   21042400000000574373410000015A020424464600000000000190000000000000000000000000000000000000000000000100060832754668ONOME DO PAGADOR                        RUA DO PAGADOR               100        BAIRRO      12345678Atibaia        SPSEC FIN XXIV DEB BSF              00000000 000002
22210420240000000000200                                                                                                                                                                                                                                                                                                                                                                                   000003
102XXXXXXXX0001XX123400567893    0000326847445433             390143380000000000000109                     I013268474   21052400000000574373410000015A020424464600000000000190000000000000000000000000000000000000000000000100060832754668ONOME DO PAGADOR                        RUA DO PAGADOR               100        BAIRRO      12345678Atibaia        SPSEC FIN XXIV DEB BSF              00000000 000004
22210520240000000000200                                                                                                                                                                                                                                                                                                                                                                                   000005
102XXXXXXXX0001XX123400567893    0000326847445464             539435320000000000000109                     I013268474   21062400000000574373410000015A020424464600000000000190000000000000000000000000000000000000000000000100060832754668ONOME DO PAGADOR                        RUA DO PAGADOR               100        BAIRRO      12345678Atibaia        SPSEC FIN XXIV DEB BSF              00000000 000006
22210620240000000000200                                                                                                                                                                                                                                                                                                                                                                                   000007
102XXXXXXXX0001XX123400567893    0000326847445494             319998470000000000000109                     I013268474   21072400000000574373410000015A020424464600000000000190000000000000000000000000000000000000000000000100060832754668ONOME DO PAGADOR                        RUA DO PAGADOR               100        BAIRRO      12345678Atibaia        SPSEC FIN XXIV DEB BSF              00000000 000008
22210720240000000000200                                                                                                                                                                                                                                                                                                                                                                                   000009
102XXXXXXXX0001XX123400567893    0000326847445525             435116940000000000000109                     I013268474   21082400000000574373410000015A020424464600000000000190000000000000000000000000000000000000000000000100060832754668ONOME DO PAGADOR                        RUA DO PAGADOR               100        BAIRRO      12345678Atibaia        SPSEC FIN XXIV DEB BSF              00000000 000010
22210820240000000000200                                                                                                                                                                                                                                                                                                                                                                                   000011
102XXXXXXXX0001XX123400567893    0000326847445556             126692930000000000000109                     I013268474   21092400000000574373410000015A020424464600000000000190000000000000000000000000000000000000000000000100060832754668ONOME DO PAGADOR                        RUA DO PAGADOR               100        BAIRRO      12345678Atibaia        SPSEC FIN XXIV DEB BSF              00000000 000012
22210920240000000000200                                                                                                                                                                                                                                                                                                                                                                                   000013
102XXXXXXXX0001XX123400567893    0000326847445586             101582720000000000000109                     I013268474   21102400000000574373410000015A020424464600000000000190000000000000000000000000000000000000000000000100060832754668ONOME DO PAGADOR                        RUA DO PAGADOR               100        BAIRRO      12345678Atibaia        SPSEC FIN XXIV DEB BSF              00000000 000014
22211020240000000000200                                                                                                                                                                                                                                                                                                                                                                                   000015
102XXXXXXXX0001XX123400567893    0000326847445617             700919960000000000000109                     I013268474   21112400000000574373410000015A020424464600000000000190000000000000000000000000000000000000000000000100060832754668ONOME DO PAGADOR                        RUA DO PAGADOR               100        BAIRRO      12345678Atibaia        SPSEC FIN XXIV DEB BSF              00000000 000016
22211120240000000000200                                                                                                                                                                                                                                                                                                                                                                                   000017
102XXXXXXXX0001XX123400567893    0000326847445647             400885190000000000000109                     I013268474   21122400000000574373410000015A020424464600000000000190000000000000000000000000000000000000000000000100060832754668ONOME DO PAGADOR                        RUA DO PAGADOR               100        BAIRRO      12345678Atibaia        SPSEC FIN XXIV DEB BSF              00000000 000018
22211220240000000000200                                                                                                                                                                                                                                                                                                                                                                                   000019
102XXXXXXXX0001XX123400567893    0000326847445678             172470100000000000000109                     I013268474   21012500000000574373410000015A020424464600000000000190000000000000000000000000000000000000000000000100060832754668ONOME DO PAGADOR                        RUA DO PAGADOR               100        BAIRRO      12345678Atibaia        SPSEC FIN XXIV DEB BSF              00000000 000020
22210120250000000000200                                                                                                                                                                                                                                                                                                                                                                                   000021
102XXXXXXXX0001XX123400567893    0000326847445709             698205370000000000000109                     I013268474   21022500000000574373410000015A020424464600000000000190000000000000000000000000000000000000000000000100060832754668ONOME DO PAGADOR                        RUA DO PAGADOR               100        BAIRRO      12345678Atibaia        SPSEC FIN XXIV DEB BSF              00000000 000022
22210220250000000000200                                                                                                                                                                                                                                                                                                                                                                                   000023
102XXXXXXXX0001XX123400567893    0000326847445737             611195890000000000000109                     I013268474   21032500000000574373410000015A020424464600000000000190000000000000000000000000000000000000000000000100060832754668ONOME DO PAGADOR                        RUA DO PAGADOR               100        BAIRRO      12345678Atibaia        SPSEC FIN XXIV DEB BSF              00000000 000024
22210320250000000000200                                                                                                                                                                                                                                                                                                                                                                                   000025
102XXXXXXXX0001XX123400567893    0000326847445768             526960100000000000000109                     I013268474   21042500000000574373410000015A020424464600000000000190000000000000000000000000000000000000000000000100060832754668ONOME DO PAGADOR                        RUA DO PAGADOR               100        BAIRRO      12345678Atibaia        SPSEC FIN XXIV DEB BSF              00000000 000026
22210420250000000000200                                                                                                                                                                                                                                                                                                                                                                                   000027
102XXXXXXXX0001XX123400567893    0000326847445798             105906500000000000000109                     I013268474   21052500000000574373410000015A020424464600000000000190000000000000000000000000000000000000000000000100060832754668ONOME DO PAGADOR                        RUA DO PAGADOR               100        BAIRRO      12345678Atibaia        SPSEC FIN XXIV DEB BSF              00000000 000028
22210520250000000000200                                                                                                                                                                                                                                                                                                                                                                                   000029
102XXXXXXXX0001XX123400567893    0000326847445829             196242040000000000000109                     I013268474   21062500000000574373410000015A020424464600000000000190000000000000000000000000000000000000000000000100060832754668ONOME DO PAGADOR                        RUA DO PAGADOR               100        BAIRRO      12345678Atibaia        SPSEC FIN XXIV DEB BSF              00000000 000030
22210620250000000000200                                                                                                                                                                                                                                                                                                                                                                                   000031
102XXXXXXXX0001XX123400567893    0000326847445859             165745960000000000000109                     I013268474   21072500000000574373410000015A020424464600000000000190000000000000000000000000000000000000000000000100060832754668ONOME DO PAGADOR                        RUA DO PAGADOR               100        BAIRRO      12345678Atibaia        SPSEC FIN XXIV DEB BSF              00000000 000032
22210720250000000000200                                                                                                                                                                                                                                                                                                                                                                                   000033
102XXXXXXXX0001XX123400567893    0000326847445890             136626000000000000000109                     I013268474   21082500000000574373410000015A020424464600000000000190000000000000000000000000000000000000000000000100060832754668ONOME DO PAGADOR                        RUA DO PAGADOR               100        BAIRRO      12345678Atibaia        SPSEC FIN XXIV DEB BSF              00000000 000034
22210820250000000000200                                                                                                                                                                                                                                                                                                                                                                                   000035
102XXXXXXXX0001XX123400567893    0000326847445921             920085360000000000000109                     I013268474   21092500000000574373410000015A020424464600000000000190000000000000000000000000000000000000000000000100060832754668ONOME DO PAGADOR                        RUA DO PAGADOR               100        BAIRRO      12345678Atibaia        SPSEC FIN XXIV DEB BSF              00000000 000036
22210920250000000000200                                                                                                                                                                                                                                                                                                                                                                                   000037
102XXXXXXXX0001XX123400567893    0000326847445951             923641870000000000000109                     I013268474   21102500000000574373410000015A020424464600000000000190000000000000000000000000000000000000000000000100060832754668ONOME DO PAGADOR                        RUA DO PAGADOR               100        BAIRRO      12345678Atibaia        SPSEC FIN XXIV DEB BSF              00000000 000038
22211020250000000000200                                                                                                                                                                                                                                                                                                                                                                                   000039
102XXXXXXXX0001XX123400567893    0000326847445982             576475890000000000000109                     I013268474   21112500000000574373410000015A020424464600000000000190000000000000000000000000000000000000000000000100060832754668ONOME DO PAGADOR                        RUA DO PAGADOR               100        BAIRRO      12345678Atibaia        SPSEC FIN XXIV DEB BSF              00000000 000040
22211120250000000000200                                                                                                                                                                                                                                                                                                                                                                                   000041
102XXXXXXXX0001XX123400567893    0000326847446012             582469350000000000000109                     I013268474   21122500000000574373410000015A020424464600000000000190000000000000000000000000000000000000000000000100060832754668ONOME DO PAGADOR                        RUA DO PAGADOR               100        BAIRRO      12345678Atibaia        SPSEC FIN XXIV DEB BSF              00000000 000042
22211220250000000000200                                                                                                                                                                                                                                                                                                                                                                                   000043
102XXXXXXXX0001XX123400567893    0000326847446043             457920100000000000000109                     I013268474   21012600000000574373410000015A020424464600000000000190000000000000000000000000000000000000000000000100060832754668ONOME DO PAGADOR                        RUA DO PAGADOR               100        BAIRRO      12345678Atibaia        SPSEC FIN XXIV DEB BSF              00000000 000044
22210120260000000000200                                                                                                                                                                                                                                                                                                                                                                                   000045
102XXXXXXXX0001XX123400567893    0000326847446074             725663740000000000000109                     I013268474   21022600000000574373410000015A020424464600000000000190000000000000000000000000000000000000000000000100060832754668ONOME DO PAGADOR                        RUA DO PAGADOR               100        BAIRRO      12345678Atibaia        SPSEC FIN XXIV DEB BSF              00000000 000046
22210220260000000000200                                                                                                                                                                                                                                                                                                                                                                                   000047
102XXXXXXXX0001XX123400567893    0000326847446102             145237890000000000000109                     I013268474   21032600000000574373410000015A020424464600000000000190000000000000000000000000000000000000000000000100060832754668ONOME DO PAGADOR                        RUA DO PAGADOR               100        BAIRRO      12345678Atibaia        SPSEC FIN XXIV DEB BSF              00000000 000048
22210320260000000000200                                                                                                                                                                                                                                                                                                                                                                                   000049
102XXXXXXXX0001XX123400567893    0000326847446133             662602880000000000000109                     I013268474   21042600000000574373410000015A020424464600000000000190000000000000000000000000000000000000000000000100060832754668ONOME DO PAGADOR                        RUA DO PAGADOR               100        BAIRRO      12345678Atibaia        SPSEC FIN XXIV DEB BSF              00000000 000050
22210420260000000000200                                                                                                                                                                                                                                                                                                                                                                                   000051
102XXXXXXXX0001XX123400567893    0000326847446163             295126370000000000000109                     I013268474   21052600000000574373410000015A020424464600000000000190000000000000000000000000000000000000000000000100060832754668ONOME DO PAGADOR                        RUA DO PAGADOR               100        BAIRRO      12345678Atibaia        SPSEC FIN XXIV DEB BSF              00000000 000052
22210520260000000000200                                                                                                                                                                                                                                                                                                                                                                                   000053
102XXXXXXXX0001XX123400567893    0000326847446194             609747640000000000000109                     I013268474   21062600000000574373410000015A020424464600000000000190000000000000000000000000000000000000000000000100060832754668ONOME DO PAGADOR                        RUA DO PAGADOR               100        BAIRRO      12345678Atibaia        SPSEC FIN XXIV DEB BSF              00000000 000054
22210620260000000000200                                                                                                                                                                                                                                                                                                                                                                                   000055
102XXXXXXXX0001XX123400567893    0000326847446224             989806340000000000000109                     I013268474   21072600000000574373410000015A020424464600000000000190000000000000000000000000000000000000000000000100060832754668ONOME DO PAGADOR                        RUA DO PAGADOR               100        BAIRRO      12345678Atibaia        SPSEC FIN XXIV DEB BSF              00000000 000056
22210720260000000000200                                                                                                                                                                                                                                                                                                                                                                                   000057
102XXXXXXXX0001XX123400567893    0000326847446255             316642660000000000000109                     I013268474   21082600000000574373410000015A020424464600000000000190000000000000000000000000000000000000000000000100060832754668ONOME DO PAGADOR                        RUA DO PAGADOR               100        BAIRRO      12345678Atibaia        SPSEC FIN XXIV DEB BSF              00000000 000058
22210820260000000000200                                                                                                                                                                                                                                                                                                                                                                                   000059
102XXXXXXXX0001XX123400567893    0000326847446286             856047260000000000000109                     I013268474   21092600000000574373410000015A020424464600000000000190000000000000000000000000000000000000000000000100060832754668ONOME DO PAGADOR                        RUA DO PAGADOR               100        BAIRRO      12345678Atibaia        SPSEC FIN XXIV DEB BSF              00000000 000060
22210920260000000000200                                                                                                                                                                                                                                                                                                                                                                                   000061
102XXXXXXXX0001XX123400567893    0000326847446316             738160040000000000000109                     I013268474   21102600000000574373410000015A020424464600000000000190000000000000000000000000000000000000000000000100060832754668ONOME DO PAGADOR                        RUA DO PAGADOR               100        BAIRRO      12345678Atibaia        SPSEC FIN XXIV DEB BSF              00000000 000062
22211020260000000000200                                                                                                                                                                                                                                                                                                                                                                                   000063
102XXXXXXXX0001XX123400567893    0000326847446347             732195880000000000000109                     I013268474   21112600000000574373410000015A020424464600000000000190000000000000000000000000000000000000000000000100060832754668ONOME DO PAGADOR                        RUA DO PAGADOR               100        BAIRRO      12345678Atibaia        SPSEC FIN XXIV DEB BSF              00000000 000064
22211120260000000000200                                                                                                                                                                                                                                                                                                                                                                                   000065
102XXXXXXXX0001XX123400567893    0000326847446377             155119350000000000000109                     I013268474   21122600000000574373410000015A020424464600000000000190000000000000000000000000000000000000000000000100060832754668ONOME DO PAGADOR                        RUA DO PAGADOR               100        BAIRRO      12345678Atibaia        SPSEC FIN XXIV DEB BSF              00000000 000066
22211220260000000000200                                                                                                                                                                                                                                                                                                                                                                                   000067
102XXXXXXXX0001XX123400567893    0000326847446408             462026400000000000000109                     I013268474   21012700000000574373410000015A020424464600000000000190000000000000000000000000000000000000000000000100060832754668ONOME DO PAGADOR                        RUA DO PAGADOR               100        BAIRRO      12345678Atibaia        SPSEC FIN XXIV DEB BSF              00000000 000068
22210120270000000000200                                                                                                                                                                                                                                                                                                                                                                                   000069
102XXXXXXXX0001XX123400567893    0000326847446439             160198140000000000000109                     I013268474   21022700000000574373410000015A020424464600000000000190000000000000000000000000000000000000000000000100060832754668ONOME DO PAGADOR                        RUA DO PAGADOR               100        BAIRRO      12345678Atibaia        SPSEC FIN XXIV DEB BSF              00000000 000070
22210220270000000000200                                                                                                                                                                                                                                                                                                                                                                                   000071
102XXXXXXXX0001XX123400567893    0000326847446467             623886400000000000000109                     I013268474   21032700000000574373410000015A020424464600000000000190000000000000000000000000000000000000000000000100060832754668ONOME DO PAGADOR                        RUA DO PAGADOR               100        BAIRRO      12345678Atibaia        SPSEC FIN XXIV DEB BSF              00000000 000072
22210320270000000000200                                                                                                                                                                                                                                                                                                                                                                                   000073
102XXXXXXXX0001XX123400567893    0000326847446498             284548180000000000000109                     I013268474   21042700000000574373410000015A020424464600000000000190000000000000000000000000000000000000000000000100060832754668ONOME DO PAGADOR                        RUA DO PAGADOR               100        BAIRRO      12345678Atibaia        SPSEC FIN XXIV DEB BSF              00000000 000074
22210420270000000000200                                                                                                                                                                                                                                                                                                                                                                                   000075
102XXXXXXXX0001XX123400567893    0000326847446528             859353110000000000000109                     I013268474   21052700000000574373410000015A020424464600000000000190000000000000000000000000000000000000000000000100060832754668ONOME DO PAGADOR                        RUA DO PAGADOR               100        BAIRRO      12345678Atibaia        SPSEC FIN XXIV DEB BSF              00000000 000076
22210520270000000000200                                                                                                                                                                                                                                                                                                                                                                                   000077
102XXXXXXXX0001XX123400567893    0000326847446559             564377660000000000000109                     I013268474   21062700000000574373410000015A020424464600000000000190000000000000000000000000000000000000000000000100060832754668ONOME DO PAGADOR                        RUA DO PAGADOR               100        BAIRRO      12345678Atibaia        SPSEC FIN XXIV DEB BSF              00000000 000078
22210620270000000000200                                                                                                                                                                                                                                                                                                                                                                                   000079
102XXXXXXXX0001XX123400567893    0000326847446589             982453220000000000000109                     I013268474   21072700000000574373410000015A020424464600000000000190000000000000000000000000000000000000000000000100060832754668ONOME DO PAGADOR                        RUA DO PAGADOR               100        BAIRRO      12345678Atibaia        SPSEC FIN XXIV DEB BSF              00000000 000080
22210720270000000000200                                                                                                                                                                                                                                                                                                                                                                                   000081
102XXXXXXXX0001XX123400567893    0000326847446620             114949080000000000000109                     I013268474   21082700000000574373410000015A020424464600000000000190000000000000000000000000000000000000000000000100060832754668ONOME DO PAGADOR                        RUA DO PAGADOR               100        BAIRRO      12345678Atibaia        SPSEC FIN XXIV DEB BSF              00000000 000082
22210820270000000000200                                                                                                                                                                                                                                                                                                                                                                                   000083
102XXXXXXXX0001XX123400567893    0000326847446651             919803770000000000000109                     I013268474   21092700000000574373410000015A020424464600000000000190000000000000000000000000000000000000000000000100060832754668ONOME DO PAGADOR                        RUA DO PAGADOR               100        BAIRRO      12345678Atibaia        SPSEC FIN XXIV DEB BSF              00000000 000084
22210920270000000000200                                                                                                                                                                                                                                                                                                                                                                                   000085
102XXXXXXXX0001XX123400567893    0000326847446681             148709870000000000000109                     I013268474   21102700000000574373410000015A020424464600000000000190000000000000000000000000000000000000000000000100060832754668ONOME DO PAGADOR                        RUA DO PAGADOR               100        BAIRRO      12345678Atibaia        SPSEC FIN XXIV DEB BSF              00000000 000086
22211020270000000000200                                                                                                                                                                                                                                                                                                                                                                                   000087
102XXXXXXXX0001XX123400567893    0000326847446712             481283730000000000000109                     I013268474   21112700000000574373410000015A020424464600000000000190000000000000000000000000000000000000000000000100060832754668ONOME DO PAGADOR                        RUA DO PAGADOR               100        BAIRRO      12345678Atibaia        SPSEC FIN XXIV DEB BSF              00000000 000088
22211120270000000000200                                                                                                                                                                                                                                                                                                                                                                                   000089
102XXXXXXXX0001XX123400567893    0000326847446742             193379340000000000000109                     I013268474   21122700000000574373410000015A020424464600000000000190000000000000000000000000000000000000000000000100060832754668ONOME DO PAGADOR                        RUA DO PAGADOR               100        BAIRRO      12345678Atibaia        SPSEC FIN XXIV DEB BSF              00000000 000090
22211220270000000000200                                                                                                                                                                                                                                                                                                                                                                                   000091
102XXXXXXXX0001XX123400567893    0000326847446773             378972980000000000000109                     I013268474   21012800000000574373410000015A020424464600000000000190000000000000000000000000000000000000000000000100060832754668ONOME DO PAGADOR                        RUA DO PAGADOR               100        BAIRRO      12345678Atibaia        SPSEC FIN XXIV DEB BSF              00000000 000092
22210120280000000000200                                                                                                                                                                                                                                                                                                                                                                                   000093
102XXXXXXXX0001XX123400567893    0000326847446804             676528450000000000000109                     I013268474   21022800000000574373410000015A020424464600000000000190000000000000000000000000000000000000000000000100060832754668ONOME DO PAGADOR                        RUA DO PAGADOR               100        BAIRRO      12345678Atibaia        SPSEC FIN XXIV DEB BSF              00000000 000094
22210220280000000000200                                                                                                                                                                                                                                                                                                                                                                                   000095
102XXXXXXXX0001XX123400567893    0000326847446833             607432320000000000000109                     I013268474   21032800000000574373410000015A020424464600000000000190000000000000000000000000000000000000000000000100060832754668ONOME DO PAGADOR                        RUA DO PAGADOR               100        BAIRRO      12345678Atibaia        SPSEC FIN XXIV DEB BSF              00000000 000096
22210320280000000000200                                                                                                                                                                                                                                                                                                                                                                                   000097
102XXXXXXXX0001XX123400567893    0000326847446864             292077060000000000000109                     I013268474   21042800000000574373410000015A020424464600000000000190000000000000000000000000000000000000000000000100060832754668ONOME DO PAGADOR                        RUA DO PAGADOR               100        BAIRRO      12345678Atibaia        SPSEC FIN XXIV DEB BSF              00000000 000098
22210420280000000000200                                                                                                                                                                                                                                                                                                                                                                                   000099
102XXXXXXXX0001XX123400567893    0000326847446894             203554720000000000000109                     I013268474   21052800000000574373410000015A020424464600000000000190000000000000000000000000000000000000000000000100060832754668ONOME DO PAGADOR                        RUA DO PAGADOR               100        BAIRRO      12345678Atibaia        SPSEC FIN XXIV DEB BSF              00000000 000100
22210520280000000000200                                                                                                                                                                                                                                                                                                                                                                                   000101
102XXXXXXXX0001XX123400567893    0000326847446925             769288070000000000000109                     I013268474   21062800000000574373410000015A020424464600000000000190000000000000000000000000000000000000000000000100060832754668ONOME DO PAGADOR                        RUA DO PAGADOR               100        BAIRRO      12345678Atibaia        SPSEC FIN XXIV DEB BSF              00000000 000102
22210620280000000000200                                                                                                                                                                                                                                                                                                                                                                                   000103
102XXXXXXXX0001XX123400567893    0000326847446955             964900830000000000000109                     I013268474   21072800000000574373410000015A020424464600000000000190000000000000000000000000000000000000000000000100060832754668ONOME DO PAGADOR                        RUA DO PAGADOR               100        BAIRRO      12345678Atibaia        SPSEC FIN XXIV DEB BSF              00000000 000104
22210720280000000000200                                                                                                                                                                                                                                                                                                                                                                                   000105
102XXXXXXXX0001XX123400567893    0000326847446986             135251900000000000000109                     I013268474   21082800000000574373410000015A020424464600000000000190000000000000000000000000000000000000000000000100060832754668ONOME DO PAGADOR                        RUA DO PAGADOR               100        BAIRRO      12345678Atibaia        SPSEC FIN XXIV DEB BSF              00000000 000106
22210820280000000000200                                                                                                                                                                                                                                                                                                                                                                                   000107
102XXXXXXXX0001XX123400567893    0000326847447017             282818060000000000000109                     I013268474   21092800000000574373410000015A020424464600000000000190000000000000000000000000000000000000000000000100060832754668ONOME DO PAGADOR                        RUA DO PAGADOR               100        BAIRRO      12345678Atibaia        SPSEC FIN XXIV DEB BSF              00000000 000108
22210920280000000000200                                                                                                                                                                                                                                                                                                                                                                                   000109
102XXXXXXXX0001XX123400567893    0000326847447047             692817770000000000000109                     I013268474   21102800000000574373410000015A020424464600000000000190000000000000000000000000000000000000000000000100060832754668ONOME DO PAGADOR                        RUA DO PAGADOR               100        BAIRRO      12345678Atibaia        SPSEC FIN XXIV DEB BSF              00000000 000110
22211020280000000000200                                                                                                                                                                                                                                                                                                                                                                                   000111
102XXXXXXXX0001XX123400567893    0000326847447078             529702280000000000000109                     I013268474   21112800000000574373410000015A020424464600000000000190000000000000000000000000000000000000000000000100060832754668ONOME DO PAGADOR                        RUA DO PAGADOR               100        BAIRRO      12345678Atibaia        SPSEC FIN XXIV DEB BSF              00000000 000112
22211120280000000000200                                                                                                                                                                                                                                                                                                                                                                                   000113
102XXXXXXXX0001XX123400567893    0000326847447108             321732560000000000000109                     I013268474   21122800000000574373410000015A020424464600000000000190000000000000000000000000000000000000000000000100060832754668ONOME DO PAGADOR                        RUA DO PAGADOR               100        BAIRRO      12345678Atibaia        SPSEC FIN XXIV DEB BSF              00000000 000114
22211220280000000000200                                                                                                                                                                                                                                                                                                                                                                                   000115
102XXXXXXXX0001XX123400567893    0000326847447139             576446070000000000000109                     I013268474   21012900000000574373410000015A020424464600000000000190000000000000000000000000000000000000000000000100060832754668ONOME DO PAGADOR                        RUA DO PAGADOR               100        BAIRRO      12345678Atibaia        SPSEC FIN XXIV DEB BSF              00000000 000116
22210120290000000000200                                                                                                                                                                                                                                                                                                                                                                                   000117
102XXXXXXXX0001XX123400567893    0000326847447170             241049830000000000000109                     I013268474   21022900000000574373410000015A020424464600000000000190000000000000000000000000000000000000000000000100060832754668ONOME DO PAGADOR                        RUA DO PAGADOR               100        BAIRRO      12345678Atibaia        SPSEC FIN XXIV DEB BSF              00000000 000118
22210220290000000000200                                                                                                                                                                                                                                                                                                                                                                                   000119
102XXXXXXXX0001XX123400567893    0000326847447198             257711340000000000000109                     I013268474   21032900000000574373410000015A020424464600000000000190000000000000000000000000000000000000000000000100060832754668ONOME DO PAGADOR                        RUA DO PAGADOR               100        BAIRRO      12345678Atibaia        SPSEC FIN XXIV DEB BSF              00000000 000120
22210320290000000000200                                                                                                                                                                                                                                                                                                                                                                                   000121
9                                                                                                                                                                                                                                                                                                                                                                                                         000122
