01REMESSA01COBRANCA       111100222223        EMPRESA ANONIMA LTDA          341BANCO ITAU SA  100725                                                                                                                                                                                                                                                                                                      000001
10211111111000191111100222223    000003D1 04FIELA             100000010000000000000109                     I010DOC00000116072500000015927003410000001A090725    00000000053090000000000000000000000000000000000000000000000202222222200160PAGADOR ANONIMO 1                       RUA DAS FLORES, 10                      CENTRO      11111000SAO PAULO      SP                                           000002
10211111111000191111100222223    000003D1 04FIELA             100000020000000000000109                     I010DOC00000216072500000015870003410000001A090725    00000000052900000000000000000000000000000000000000000000000202222222200160PAGADOR ANONIMO 1                       RUA DAS FLORES, 10                      CENTRO      11111000SAO PAULO      SP                                           000003
10211111111000191111100222223    000003D1 04FIELA             100000030000000000000109                     I010DOC00000317072500000015927003410000001A100725    00000000053090000000000000000000000000000000000000000000000202222222200160PAGADOR ANONIMO 1                       RUA DAS FLORES, 10                      CENTRO      11111000SAO PAULO      SP                                           000004
10211111111000191111100222223    000002D1 03FIELA             100000040000000000000109                     I010DOC00000412072500000051100003410000001A100725    00000000170330000000000000000000000000000000000000000000000203333333300180PAGADOR ANONIMO 2                       AV. PAULISTA, 2000                      BELA VISTA  22222000RIO DE JANEIRO RJ                                           000005
9                                                                                                                                                                                                                                                                                                                                                                                                         000006
