01REMESSA01COBRANCA       00000000000006026019EOS FINANCIAMENTO FUNDO DE INV237BRADESCO       190925        MX0000016                                                                                                                                                                                                                                                                                     000001
100000000000000000000009033960007007600000002720001000000034742372020062769979001500000000002N           2  01627699790118102500000000881200000000001N190925000000000000002340000000000000000000000000000000000000000000000100012345678901GEOVANI XXXXX XXXXXXXXX XXXXXX DOS REIS ARCHIMEDES PEREIRA LIMA 999 SANT                    15808999                                                            000002
9                                                                                                                                                                                                                                                                                                                                                                                                         000003
