02RETORNO01COBRANCA       00000000000006026019EOS FINANCIAMENTO FUNDO DE INV237BRADESCO       1709250160000000001                                                                                                                                                                                                                                                                          170925         000001
10261145490000109000000903396000700760000000272000100000000485000000006342775500180000000000000000000000000902170925634277550100000000634277550018261125000000009878423704452  000000000011500000000000000000000000000000000000000000000000000000000000000000000000000000000000000000000000000000000                          7600000000                                                                  000002
9201237          000000600000000592704000000001          00060000005927040000000000000000000000000000000000000000000000000000000000000000000000000000000000000000000000000000000000000000000                                                                                                                                                                              00000000000000000000000         000003
