01REMESSA01COBRANCA       123400567890        EMPRESA FICTICIA LTDA         237BANCO BRADESCO SA240924000002                                                                                                                                                                                                                                                                                                    
10212345678901234123400567890    0001DOC001                   12345678000000000000000109                     I01DOC001     24122400000001002373700000010N240924000000000000000000000000000000000000000000000000000000000110123456789012340PAGADOR FICTICIO LTDA          RUA DAS FLORES, 123                    CENTRO      01234567SAO PAULO   SP                              000000000 000003                
10212345678901234123400567890    0002DOC002                   87654321000000000000000109                     I01DOC002     31122400000002502373700000010N240924000000000000000000000000000000000000000000000000000000000210987654321098760CLIENTE EXEMPLO SA            AV BRASIL, 456                         JARDINS     87654321RIO DE JANEIRO RJ                              000000000 000004              
10212345678901234123400567890    0003DOC003                   11223344000000000000000109                     I01DOC003     15012500000000752373700000010N240924000000000000000000000000000000000000000000000000000000000111122334455667890DEVEDOR TESTE LTDA            RUA EXEMPLO, 789                       VILA NOVA   11223344BELO HORIZONTE MG                              000000000 000005              
9000005                                                                                                                                                                                                                                                                                                                                                                                                         