02RETORNO01COBRANCA       123400567890        EMPRESA FICTICIA LTDA         237BANCO BRADESCO SA240924000002                                                                                                                                                                                                                                                                                                    
10212345678901234123400567890DOC001                   123456781090250924DOC001    2412240000000100002371234001000000DOC001    000000000000000000000000000000000001000237000000000000000000000000000000000000000000000000000000N  250924    PAGADOR FICTICIO LTDA                           000003                                   PAGADOR FICTICIO LTDA                                                       
10212345678901234123400567890DOC002                   876543211090250924DOC002    3112240000000250002373456002000000DOC002    500000000000000000000000000000000002500237000000000000000000000000000000000000000000000000000000N  250924    CLIENTE EXEMPLO SA                              000004                                   PAGADOR FICTICIO LTDA                                                       
10212345678901234123400567890DOC003                   112233441090250924DOC003    1501250000000075002377890103000000DOC003    750000000000000000000000000000000000750237000000000000000000000000000000000000000000000000000000N  250924    DEVEDOR TESTE LTDA                              000005                                   PAGADOR FICTICIO LTDA                                                       
92023700000000000300000000000004250000030000000000000000000000000000000000000000000000000000000000000000000000000000000000000000000000000000000000000000000000000000000000000000000000000000000000000000000000000000000000000000000000000000000000000000000000000300000000000004250000005                                                                                                                       