03300000        2048169685000120227100000449167                         EOS FUNDO DE INVESTIMENTO EM DBANCO SANTANDER                         116092025      000207040                                                                          
03300011R01  030 2048169685000120                    227100000449167     EOS FUNDO DE INVESTIMENTO EM D                                                                                0000060616092025                                         
0330001300001P 012271001301165410130116541  0000000400866511  REN_383424100021510202500000000009678200000 02N260820252151020250000000001000000000000000000000000000000000000000000000000000000000000000000000000200000060182000300000           
0330001300002Q 011000099999999999CHARLE XXXXXXXX DE XXXXXX               TV XXXX XXXXXXXXX 20 QD 14              LARANJAL       99999000BARCARENA      PA2000000000000000                                        000000000000                   
0330001300003R 01000000000000000000000000         000000000000000215102025000000000000200                                                                                                                                                       
0330001300004S 012                                                                                                                                                                                                                              
03300015         000006                                                                                                                                                                                                                         
03399999         000001000008                                                                                                                                                                                                                   
