01REMESSA01COBRANCA       000000000000TESTE123SEC FIN XXIV DEB BSF          611PAULISTA S.A.  210725        MX0TESTE0                                                                                                                                                                                                                                                                                                                                 000001
1                   01000030100000  0326847445403             00000000            00000000000 000000     0  013268474   22072500000000001000000000064 21072500002000000000000TERMOCESSAO        000000000000000000000000000100001234567890NOME DO PAGADOR                         RUA DO PAGADOR, 100, BAIRRO, Atibaia, SP            12345678SEC FIN XXIV DEB BSF                                                                                    000002
9                                                                                                                                                                                                                                                                                                                                                                                                                                                     000003
