01REMESSA01COBRANCA       123400567897        SEC FIN XXIV DEB BSF          341BANCO ITAU SA  210725                                                                                                                                                                                                                                                                                                      000001
102XXXXXXXX0001XX123400567897    0000326847445403             000000000000000000000109                     I013268474   22072500000000001003410000015A210725464600000000000000000000000000000000000000000000000000000000000100001234567890NOME DO PAGADOR                         RUA DO PAGADOR 100                      BAIRRO      12345678Atibaia        SPSEC FIN XXIV DEB BSF              00000000 000002
9                                                                                                                                                                                                                                                                                                                                                                                                         000003
