01REMESSA01COBRANCA       00000000000045684942NOME DO ORIGINADOR            611PAULISTA S.A.  070525        MX0000014                                                                                                                                                                                                                                                                                                                                 000001
1                   02350301040199AA000000000000002000000473100000000000000000000000000000000 000000     0  841         05062500000000222380000000062 07052500002000000000000REFIN3             000000001898700000000000000000000000000000NOME DO SACADO                          ENDERECO DO SACADO                                  00000000NOME DO CEDENTE                               00000000000000                                            000002
1                   02350301040199AA000000000000002000000473110000000000000000000000000000000 000000     0  842         05072500000000222380000000062 07052500002000000000000REFIN3             000000001898700000000000000000000000000000NOME DO SACADO                          ENDERECO DO SACADO                                  00000000NOME DO CEDENTE                               00000000000000                                            000003
1                   02350301040199AA000000000000002000000473120000000000000000000000000000000 000000     0  843         05082500000000222380000000062 07052500002000000000000REFIN3             000000001898800000000000000000000000000000NOME DO SACADO                          ENDERECO DO SACADO                                  00000000NOME DO CEDENTE                               00000000000000                                            000004
1                   02350301040199AA000000000000002000000473130000000000000000000000000000000 000000     0  844         05092500000000222380000000062 07052500002000000000000REFIN3             000000001898800000000000000000000000000000NOME DO SACADO                          ENDERECO DO SACADO                                  00000000NOME DO CEDENTE                               00000000000000                                            000005
1                   02350301040199AA000000000000002000000473140000000000000000000000000000000 000000     0  845         05102500000000222380000000062 07052500002000000000000REFIN3             000000001898800000000000000000000000000000NOME DO SACADO                          ENDERECO DO SACADO                                  00000000NOME DO CEDENTE                               00000000000000                                            000006
1                   02350301040199AA000000000000002000000473150000000000000000000000000000000 000000     0  846         05112500000000222380000000062 07052500002000000000000REFIN3             000000001898800000000000000000000000000000NOME DO SACADO                          ENDERECO DO SACADO                                  00000000NOME DO CEDENTE                               00000000000000                                            000007
1                   02350301040199AA000000000000002000000473160000000000000000000000000000000 000000     0  847         05122500000000222380000000062 07052500002000000000000REFIN3             000000001898800000000000000000000000000000NOME DO SACADO                          ENDERECO DO SACADO                                  00000000NOME DO CEDENTE                               00000000000000                                            000008
1                   02350301040199AA000000000000002000000473170000000000000000000000000000000 000000     0  848         05012600000000222380000000062 07052500002000000000000REFIN3             000000001898800000000000000000000000000000NOME DO SACADO                          ENDERECO DO SACADO                                  00000000NOME DO CEDENTE                               00000000000000                                            000009
1                   02350301040199AA000000000000002000000473180000000000000000000000000000000 000000     0  849         05022600000000222380000000062 07052500002000000000000REFIN3             000000001898800000000000000000000000000000NOME DO SACADO                          ENDERECO DO SACADO                                  00000000NOME DO CEDENTE                               00000000000000                                            000010
1                   02350301040199AA000000000000002000000473190000000000000000000000000000000 000000     0  8410        05032600000000222420000000062 07052500002000000000000REFIN3             000000001899200000000000000000000000000000NOME DO SACADO                          ENDERECO DO SACADO                                  00000000NOME DO CEDENTE                               00000000000000                                            000011
1                   01350301040199AA000000002720001000000166080000000000000000000000000639130            0  74434431520125012500000000606150000000070 07112400002000000000000152                000000005558300000000000000000000000000000NOME DO SACADO                          ENDERECO DO SACADO                                  00000000NOME DO CEDENTE                               00000000000000                                            000012
1                   01350301040199AA000000002720001000000166150000000000000000000000000632710            0  74434431520225022500000000606150000000070 07112400002000000000000152                000000005482100000000000000000000000000000NOME DO SACADO                          ENDERECO DO SACADO                                  00000000NOME DO CEDENTE                               00000000000000                                            000013
1                   01350301040199AA000000002720001000000166220000000000000000000000000626980            0  74434431520325032500000000606150000000070 07112400002000000000000152                000000005408500000000000000000000000000000NOME DO SACADO                          ENDERECO DO SACADO                                  00000000NOME DO CEDENTE                               00000000000000                                            000014
9                                                                                                                                                                                                                                                                                                                                                                                                                                                     000015
